<?xml version="1.0" encoding="UTF-8"?><collection xmlns="http://www.loc.gov/MARC21/slim"><record><leader>00680nam--2200205-i-4500</leader><controlfield tag="001">000016549</controlfield><controlfield tag="002">20161230</controlfield><controlfield tag="005">20161230201031</controlfield><controlfield tag="008">060222s1000------------r-----000-0-eng-d</controlfield><datafield ind1=" " ind2=" " tag="020"><subfield code="a">354057871</subfield></datafield><datafield ind1=" " ind2=" " tag="040"><subfield code="a">IFIN-HH</subfield></datafield><datafield ind1=" " ind2=" " tag="080"><subfield code="a">538.915 (061.3)</subfield></datafield><datafield ind1="1" ind2=" " tag="100"><subfield code="a">Okiji, A</subfield></datafield><datafield ind1="1" ind2="0" tag="245"><subfield code="a">Correlation effects in low-dimensional electron systems</subfield><subfield code="b">Proceedings og the 16th taniguchi symposium kashikojima, japan, october 25-29, 1993</subfield><subfield code="c">A. okiji, n. kawakami (eds.)</subfield></datafield><datafield ind1=" " ind2=" " tag="260"><subfield code="a">Berlin</subfield><subfield code="b">Springer-verlag</subfield><subfield code="c">1994</subfield></datafield><datafield ind1=" " ind2=" " tag="300"><subfield code="a">IX + 215 P</subfield></datafield><datafield ind1=" " ind2=" " tag="490"><subfield code="a">Springer Series In Solid-state Sciences</subfield><subfield code="v">Vol.118</subfield></datafield><datafield ind1="1" ind2=" " tag="700"><subfield code="a">Kawakami, N</subfield><subfield code="e">Ed</subfield></datafield><datafield ind1=" " ind2=" " tag="852"><subfield code="a">46526</subfield><subfield code="c">539.2</subfield></datafield><datafield ind1=" " ind2=" " tag="CAT"><subfield code="a">Sys</subfield><subfield code="c">20121030</subfield><subfield code="h">115142</subfield></datafield></record></collection>